<?xml version="1.0" encoding="UTF-8"?><collection xmlns="http://www.loc.gov/MARC21/slim"><record><leader>00635nam--2200181-i-4500</leader><controlfield tag="001">000030004</controlfield><controlfield tag="002">20161230</controlfield><controlfield tag="005">20161230201038</controlfield><controlfield tag="008">060222s1000------------r-----000-0-fre-d</controlfield><datafield ind1=" " ind2=" " tag="040"><subfield code="a">IFIN-HH</subfield></datafield><datafield ind1=" " ind2=" " tag="041"><subfield code="a">fre</subfield></datafield><datafield ind1=" " ind2=" " tag="080"><subfield code="a">539.172.15/.16:535.4(043)</subfield></datafield><datafield ind1="1" ind2=" " tag="100"><subfield code="a">Lassaut, Monique</subfield></datafield><datafield ind1="1" ind2="0" tag="245"><subfield code="a">Etude microscopique du potentiel optique alpha-noyau a basse et moyenne energies. application a l`analyse simultanee de la diffusion elastique ( , ) et la reaction de transfert (3he, )</subfield><subfield code="b">These</subfield><subfield code="c">Monique lassaut</subfield></datafield><datafield ind1=" " ind2=" " tag="260"><subfield code="a">Orsay</subfield><subfield code="b">Universite De Paris-sud</subfield><subfield code="c">1983</subfield></datafield><datafield ind1=" " ind2=" " tag="300"><subfield code="a">122P</subfield></datafield><datafield ind1=" " ind2=" " tag="852"><subfield code="a">71860</subfield><subfield code="c">539.17</subfield></datafield><datafield ind1=" " ind2=" " tag="CAT"><subfield code="a">Sys</subfield><subfield code="c">20120622</subfield><subfield code="h">095955</subfield></datafield></record></collection>